@article{Cenzato:2024ab,
	author = {Cenzato, Davide and Lipt{\'a}k, Zsuzsanna},
	journal = {Bioinformatics},
	pages = {btae333},
	title = {A survey of {BWT} variants for string collections},
	volume = {40},
	year = {2024}}

@article{Li:2014ab,
	author = {Li, Heng},
	journal = {Bioinformatics},
	pages = {3274-5},
	title = {Fast construction of {FM-index} for long sequence reads},
	volume = {30},
	year = {2014}}

@inproceedings{DBLP:conf/bibm/LamLTWWY09,
	author = {Tak Wah Lam and Ruiqiang Li and Alan Tam and Simon C. K. Wong and Edward Wu and Siu{-}Ming Yiu},
	booktitle = {2009 {IEEE} International Conference on Bioinformatics and Biomedicine, {BIBM} 2009, Washington, DC, USA, November 1-4, 2009, Proceedings},
	pages = {31--36},
	publisher = {{IEEE} Computer Society},
	title = {High Throughput Short Read Alignment via Bi-directional {BWT}},
	year = {2009}}

@article{Hunt2024.03.08.584059,
	author = {Hunt, Martin and Lima, Leandro and Shen, Wei and Lees, John and Iqbal, Zamin},
	journal = {bioRxiv},
	title = {{AllTheBacteria} - all bacterial genomes assembled, available and searchable},
	year = {2024}}

@article{Brinda:2024aa,
	author = {B{\v r}inda, Karel and Lima, Leandro and Pignotti, Simone and Quinones-Olvera, Natalia and Salikhov, Kamil and others},
	journal = {bioRxiv},
	title = {Efficient and Robust Search of Microbial Genomes via Phylogenetic Compression},
	year = {2024}}

@article{Jain:2018ac,
	author = {Jain, Chirag and Rodriguez-R, Luis M and Phillippy, Adam M and Konstantinidis, Konstantinos T and Aluru, Srinivas},
	journal = {Nat Commun},
	pages = {5114},
	title = {High throughput {ANI} analysis of 90K prokaryotic genomes reveals clear species boundaries},
	volume = {9},
	year = {2018}}

@article{Marchet:2021aa,
	author = {Marchet, Camille and Boucher, Christina and Puglisi, Simon J and Medvedev, Paul and Salson, Mika{\"e}l and Chikhi, Rayan},
	journal = {Genome Res},
	pages = {1-12},
	title = {Data structures based on k-mers for querying large collections of sequencing data sets},
	volume = {31},
	year = {2021}}

@article{Edgar:2022aa,
	author = {Edgar, Robert C and Taylor, Brie and Lin, Victor and Altman, Tomer and Barbera, Pierre and others},
	journal = {Nature},
	pages = {142-147},
	title = {Petabase-scale sequence alignment catalyses viral discovery},
	volume = {602},
	year = {2022}}

@article{Shiryev:2024aa,
	author = {Shiryev, Sergey A and Agarwala, Richa},
	journal = {Nat Methods},
	pages = {994-1002},
	title = {Indexing and searching petabase-scale nucleotide resources},
	volume = {21},
	year = {2024}}

@article{Karasikov2020.10.01.322164,
	author = {Karasikov, Mikhail and Mustafa, Harun and Danciu, Daniel and Zimmermann, Marc and Barber, Christopher and R{\"a}tsch, Gunnar and Kahles, Andr{\'e}},
	journal = {bioRxiv},
	title = {Indexing All Life{\textquoteright}s Known Biological Sequences},
	year = {2024}}

@article{Karasikov:2020aa,
	author = {Karasikov, Mikhail and Mustafa, Harun and Joudaki, Amir and Javadzadeh-No, Sara and R{\"a}tsch, Gunnar and Kahles, Andr{\'e}},
	journal = {J Comput Biol},
	pages = {626-639},
	title = {Sparse Binary Relation Representations for Genome Graph Annotation},
	volume = {27},
	year = {2020}}

@inproceedings{DBLP:conf/focs/FerraginaM00,
	author = {Paolo Ferragina and Giovanni Manzini},
	booktitle = {FOCS},
	crossref = {DBLP:conf/focs/2000},
	pages = {390-398},
	title = {Opportunistic Data Structures with Applications},
	year = {2000}}

@proceedings{DBLP:conf/focs/2000,
	publisher = {IEEE Computer Society},
	title = {41st Annual Symposium on Foundations of Computer Science, FOCS 2000, 12-14 November 2000, Redondo Beach, California, USA},
	year = {2000}}

@inproceedings{DBLP:conf/soda/GagieNP18,
	author = {Travis Gagie and Gonzalo Navarro and Nicola Prezza},
	booktitle = {Proceedings of the Twenty-Ninth Annual {ACM-SIAM} Symposium on Discrete Algorithms, {SODA} 2018, New Orleans, LA, USA, January 7-10, 2018},
	editor = {Artur Czumaj},
	pages = {1459--1477},
	publisher = {{SIAM}},
	title = {Optimal-Time Text Indexing in BWT-runs Bounded Space},
	year = {2018}}

@article{DBLP:journals/tcs/BannaiGI20,
	author = {Hideo Bannai and Travis Gagie and Tomohiro I},
	journal = {Theor. Comput. Sci.},
	pages = {96--108},
	title = {Refining the \emph{r}-index},
	volume = {812},
	year = {2020}}

@techreport{Burrows:1994aa,
	author = {Burrows, Michael AND Wheeler, David J.},
	institution = {Digital Equipment Corporation},
	title = {A block sorting lossless data compression algorithm},
	type = {Technical Report 124},
	year = {1994}}

@article{Langmead:2009aa,
	author = {Langmead, Ben and Trapnell, Cole and Pop, Mihai and Salzberg, Steven L},
	journal = {Genome Biol},
	pages = {R25},
	title = {Ultrafast and memory-efficient alignment of short DNA sequences to the human genome},
	volume = {10},
	year = {2009}}

@article{Li:2009uq,
	author = {Li, Heng and Durbin, Richard},
	journal = {Bioinformatics},
	pages = {1754-60},
	title = {Fast and accurate short read alignment with {Burrows-Wheeler Transform}},
	volume = {25},
	year = {2009}}

@article{Li:2009aa,
	author = {Li, Ruiqiang and Yu, Chang and Li, Yingrui and Lam, Tak-Wah and Yiu, Siu-Ming and Kristiansen, Karsten and Wang, Jun},
	journal = {Bioinformatics},
	pages = {1966-7},
	title = {{SOAP2}: an improved ultrafast tool for short read alignment},
	volume = {25},
	year = {2009}}

@article{Cox:2012ly,
	author = {Cox, Anthony J and Bauer, Markus J and Jakobi, Tobias and Rosone, Giovanna},
	journal = {Bioinformatics},
	pages = {1415-9},
	title = {Large-scale compression of genomic sequence databases with the {Burrows-Wheeler} transform},
	volume = {28},
	year = {2012}}

@article{Simpson:2012aa,
	author = {Simpson, Jared T and Durbin, Richard},
	journal = {Genome Res},
	pages = {549-56},
	title = {Efficient de novo assembly of large genomes using compressed data structures},
	volume = {22},
	year = {2012}}

@article{Zakeri:2024aa,
	author = {Zakeri, Mohsen and Brown, Nathaniel K and Ahmed, Omar Y and Gagie, Travis and Langmead, Ben},
	journal = {bioRxiv},
	title = {Movi: a fast and cache-efficient full-text pangenome index},
	year = {2024}}

@article{Rossi:2022aa,
	author = {Rossi, Massimiliano and Oliva, Marco and Langmead, Ben and Gagie, Travis and Boucher, Christina},
	journal = {J Comput Biol},
	pages = {169-187},
	title = {{MONI}: A Pangenomic Index for Finding Maximal Exact Matches},
	volume = {29},
	year = {2022}}

@article{Ahmed:2021aa,
	author = {Ahmed, Omar and Rossi, Massimiliano and Kovaka, Sam and Schatz, Michael C and Gagie, Travis and Boucher, Christina and Langmead, Ben},
	journal = {iScience},
	pages = {102696},
	title = {Pan-genomic matching statistics for targeted nanopore sequencing},
	volume = {24},
	year = {2021}}

@article{Ahmed:2023aa,
	author = {Ahmed, Omar Y and Rossi, Massimiliano and Gagie, Travis and Boucher, Christina and Langmead, Ben},
	journal = {Genome Biol},
	pages = {122},
	title = {{SPUMONI} 2: improved classification using a pangenome index of minimizer digests},
	volume = {24},
	year = {2023}}

@article{Boucher:2019aa,
	author = {Boucher, Christina and Gagie, Travis and Kuhnle, Alan and Langmead, Ben and Manzini, Giovanni and Mun, Taher},
	journal = {Algorithms Mol Biol},
	pages = {13},
	title = {Prefix-free parsing for building big {BWTs}},
	volume = {14},
	year = {2019}}

@article{Li:2014ab,
	author = {Li, Heng},
	journal = {Bioinformatics},
	pages = {3274-5},
	title = {Fast construction of {FM-index} for long sequence reads},
	volume = {30},
	year = {2014}}

@article{DBLP:journals/iandc/DiazDominguezN23,
	author = {Diego D{\'{\i}}az{-}Dom{\'{\i}}nguez and Gonzalo Navarro},
	journal = {Inf. Comput.},
	pages = {105088},
	title = {Efficient construction of the {BWT} for repetitive text using string compression},
	volume = {294},
	year = {2023}}

@article{Li:2012fk,
	author = {Li, Heng},
	journal = {Bioinformatics},
	pages = {1838-44},
	title = {Exploring single-sample {SNP} and {INDEL} calling with whole-genome de novo assembly},
	volume = {28},
	year = {2012}}

@inproceedings{DBLP:conf/dlt/Gagie24,
	author = {Travis Gagie},
	booktitle = {Developments in Language Theory - 28th International Conference, {DLT} 2024, G{\"{o}}ttingen, Germany, August 12-16, 2024, Proceedings},
	editor = {Joel D. Day and Florin Manea},
	pages = {131--140},
	publisher = {Springer},
	series = {Lecture Notes in Computer Science},
	title = {How to Find Long Maximal Exact Matches and Ignore Short Ones},
	volume = {14791},
	year = {2024}}

@article{DBLP:journals/jacm/GagieNP20,
	author = {Travis Gagie and Gonzalo Navarro and Nicola Prezza},
	journal = {J. {ACM}},
	pages = {2:1--2:54},
	title = {Fully Functional Suffix Trees and Optimal Text Searching in {BWT}-Runs Bounded Space},
	volume = {67},
	year = {2020}}

@article{Li:2010fk,
	author = {Li, Heng and Durbin, Richard},
	journal = {Bioinformatics},
	pages = {589-95},
	title = {Fast and accurate long-read alignment with {Burrows-Wheeler} transform},
	volume = {26},
	year = {2010}}

@article{Lam:2008aa,
	author = {Lam, T W and Sung, W K and Tam, S L and Wong, C K and Yiu, S M},
	journal = {Bioinformatics},
	pages = {791-7},
	title = {Compressed indexing and local alignment of {DNA}},
	volume = {24},
	year = {2008}}

@article{DBLP:journals/eatcs/BlumerBEHM83,
	author = {Anselm Blumer and J. Blumer and Andrzej Ehrenfeucht and David Haussler and Ross M. McConnell},
	journal = {Bull. {EATCS}},
	pages = {12--20},
	title = {Linear size finite automata for the set of all subwords of a word - an outline of results},
	volume = {21},
	year = {1983}}

@article{Li:2010fk,
	author = {Li, Heng and Durbin, Richard},
	journal = {Bioinformatics},
	pages = {589-95},
	title = {Fast and accurate long-read alignment with {Burrows-Wheeler} transform},
	volume = {26},
	year = {2010}}

@article{Li:2024ab,
	author = {Li, Heng and Marin, Maximillian and Farhat, Maha Reda},
	journal = {Bioinformatics},
	pages = {btae456},
	title = {Exploring gene content with pangene graphs},
	volume = {40},
	year = {2024}}
